<?xml version="1.0" encoding="UTF-8"?><record xmlns="http://www.loc.gov/MARC21/slim" xmlns:cinclude="http://apache.org/cocoon/include/1.0" xmlns:zs="http://www.loc.gov/zing/srw/">
  <leader>00924cz  a2200193n  4500</leader>
  <controlfield tag="001">nr 92030634 </controlfield>
  <controlfield tag="003">DLC</controlfield>
  <controlfield tag="005">20130312101606.0</controlfield>
  <controlfield tag="008">920827n| azannaabn          |a aaa     c</controlfield>
  <datafield tag="010" ind1=" " ind2=" ">
    <subfield code="a">nr 92030634 </subfield>
  </datafield>
  <datafield tag="035" ind1=" " ind2=" ">
    <subfield code="a">(OCoLC)oca03237759</subfield>
  </datafield>
  <datafield tag="040" ind1=" " ind2=" ">
    <subfield code="a">NjP</subfield>
    <subfield code="b">eng</subfield>
    <subfield code="e">rda</subfield>
    <subfield code="c">NjP</subfield>
    <subfield code="d">OCoLC</subfield>
    <subfield code="d">DLC</subfield>
  </datafield>
  <datafield tag="046" ind1=" " ind2=" ">
    <subfield code="f">[1777,1778]</subfield>
    <subfield code="g">[1855,1856]</subfield>
    <subfield code="2">edtf</subfield>
  </datafield>
  <datafield tag="100" ind1="1" ind2=" ">
    <subfield code="a">Ibn Ṭāhīr, ʻAbd Allāh ibn Ḥusayn,</subfield>
    <subfield code="d">1777 or 1778-1855 or 1856</subfield>
  </datafield>
  <datafield tag="400" ind1="0" ind2=" ">
    <subfield code="a">ʻAbd Allāh ibn Ḥusayn ibn Ṭāhir,</subfield>
    <subfield code="d">1777 or 1778-1855 or 1856</subfield>
  </datafield>
  <datafield tag="400" ind1="1" ind2=" ">
    <subfield code="a">Bāʻlawī, ʻAbd Allāh ibn Ḥusayn,</subfield>
    <subfield code="d">1777 or 1778-1855 or 1856</subfield>
  </datafield>
  <datafield tag="400" ind1="1" ind2=" ">
    <subfield code="w">nnea</subfield>
    <subfield code="a">Ibn Ṭāhīr, ʻAbd Allāh ibn Ḥusayn,</subfield>
    <subfield code="d">1777 or 8-1855 or 6</subfield>
  </datafield>
  <datafield tag="670" ind1=" " ind2=" ">
    <subfield code="a">His Hādhā al-majmūʻ mushtamil ʻalá rasāʼil nāfiʻah, 18--:</subfield>
    <subfield code="b">t.p. (ʻAbd Allāh ibn Ḥusayn ibn Ṭāhir Bāʻlawī)</subfield>
  </datafield>
  <datafield tag="670" ind1=" " ind2=" ">
    <subfield code="a">Ziriklī</subfield>
    <subfield code="b">(Ibn Ṭāhir; ʻAbd Allāh ibn Ḥusayn ibn Ṭāhir al-ʻAlawī; 1191-1272/1778-1855)</subfield>
  </datafield>
</record>